<?xml version="1.0" encoding="UTF-8"?><collection xmlns="http://www.loc.gov/MARC21/slim"><record><leader>00494nam--2200157-i-4500</leader><controlfield tag="001">000027386</controlfield><controlfield tag="002">20161230</controlfield><controlfield tag="005">20161230201036</controlfield><controlfield tag="008">060222s1000------------r-----000-0-eng-d</controlfield><datafield ind1=" " ind2=" " tag="080"><subfield code="a">514.82(063)</subfield></datafield><datafield ind1=" " ind2=" " tag="100"><subfield code="a">Lee, H. C. (Ed.)</subfield></datafield><datafield ind1=" " ind2=" " tag="245"><subfield code="a">An introduction to kaluza-klein theories. workshop on kaluza-klein theories chalk river, ontario, 11-16 august 1983</subfield></datafield><datafield ind1=" " ind2=" " tag="260"><subfield code="a">Singapore, World Scientific, 1984, Viii + 314p</subfield></datafield><datafield ind1=" " ind2=" " tag="700"><subfield code="a">Lee H.C</subfield></datafield><datafield ind1=" " ind2=" " tag="852"><subfield code="a">72244</subfield><subfield code="c">513</subfield></datafield><datafield ind1=" " ind2=" " tag="CAT"><subfield code="a">Sys</subfield><subfield code="c">20080529</subfield><subfield code="h">094706</subfield></datafield></record></collection>